@article{2019ApJ...873..111I,
  author        = {{Ivezi{\'c}}, {\v Z}. and others},
  title         = {{LSST: From Science Drivers to Reference Design and Anticipated Data Products}},
  journal       = {\apj},
  archiveprefix = {arXiv},
  eprint        = {arXiv:0805.2366},
  keywords      = {astrometry, cosmology: observations, Galaxy: general, methods: observational, stars: general, surveys},
  year          = 2019,
  month         = mar,
  volume        = 873,
  eid           = {111},
  pages         = {111},
  doi           = {10.3847/1538-4357/ab042c},
  adsurl        = {http://adsabs.harvard.edu/abs/2019ApJ...873..111I},
  adsnote       = {Provided by the SAO/NASA Astrophysics Data System}
}

@misc{DMTN-232,
   author = {William O'Mullane},
    title = "{Celebratory Milestones}",
     year = 2022,
    month = oct,
   handle = {DMTN-232},
  publisher = {{Vera C. Rubin Observatory }},
      url = {https://dmtn-232.lsst.io/} }

@misc{LDM-148,
  author =       {K.-T. Lim and J. Bosch and G. Dubois-Felsmann and T. Jenness
                  and J. Kantor and W. O'Mullane and D. Petravick},
  title =        "{LDM-148: Data Management System Design}",
  year =         2018,
  month =        jul,
  publisher = {{Vera C. Rubin Observatory }},
  handle =       {LDM-148},
      url = {https://LDM-148.lsst.io/} }
}

@DocuShare{DMTN-213,
   author = {Kian-Tat Lim},
    title = "{DMTN-213: Multi-Site Data Release Processing Using PanDA and Rucio}",
     year = 2022,
    month = jan,
   handle = {DMTN-213},
     note = {{Vera C. Rubin Observatory}},
      url = {https://dmtn-213.lsst.io/} }

@DocuShare{DMTN-219,
   author = {Kian-Tat Lim},
    title = "{DMTN-219: Proposal and Prototype for Prompt Processing}",
     year = 2022,
    month = feb,
   handle = {DMTN-219},
     note = {{Vera C. Rubin Observatory}},
      url = {https://dmtn-219.lsst.io/} }

@DocuShare{SQR-000,
   author = {Jonathan Sick},
    title = "{SQR-000: The LSST DM Technical Note Publishing Platform}",
     year = 2015,
    month = nov,
   handle = {SQR-000},
     note = {{Vera C. Rubin Observatory SQuaRE Technical Note}},
      url = {https://sqr-000.lsst.io/} }

@INPROCEEDINGS{2018SPIE10705E..0US,
       author = {{Selvy}, Brian M. and {Roberts}, Austin and {Reuter}, Michael and others},
        title = "{V\&V planning and execution in an integrated model-based engineering environment using MagicDraw, Syndeia, and Jira}",
    booktitle = {Modeling, Systems Engineering, and Project Management for Astronomy VIII},
         year = 2018,
       editor = {{Angeli}, George Z. and {Dierickx}, Philippe},
       series = {Proc.\ SPIE},
       volume = {10705},
        month = jul,
          eid = {107050U},
        pages = {107050U},
          doi = {10.1117/12.2310125},
       adsurl = {https://ui.adsabs.harvard.edu/abs/2018SPIE10705E..0US},
      adsnote = {Provided by the SAO/NASA Astrophysics Data System}
}

@INPROCEEDINGS{2012SPIE.8449E..0GC,
  author =       {{Comoretto}, G. and {Gallegos}, J. and {Els}, S. and
                  {Gracia}, G. and {Lock}, T. and {Mercier}, E. and
                  {O'Mullane}, W.},
  title =        "{The Information Management Tool (IMT) of Gaia DPAC
                  and its potential as tool for large scale software
                  development projects}",
  booktitle =    {Modeling, Systems Engineering, and Project Management for Astronomy V},
  year =         2012,
  series =       {Proc.\ SPIE},
  volume =       8449,
  month =        sep,
  eid =          {84490G},
  pages =        {84490G},
  doi =          {10.1117/12.926797},
  adsurl =       {http://adsabs.harvard.edu/abs/2012SPIE.8449E..0GC},
  adsnote =      {Provided by the SAO/NASA Astrophysics Data System}
}




@misc{LSE-163,
   author = {M. Juri\'{c} and others},
    title = "{Data Products Definition Document}",
     year = 2021,
    month = dec,
   handle = {LSE-163},
  publisher = {{Vera C. Rubin Observatory }},
      url = {https://lse-163.lsst.io/} }

@misc{RDO-011,
author = {Phil Marshall},
title = "{Release Scenarios for LSST Data}",
year = 2020,
publisher={Rubin Observatory},
handle = {RDO-011},
url = {https://ls.st/RDO-11},
}

@misc{DMTN-137,
author = {Hsin-Fang Chiang and Dino Bektesevic and the AWS-PoC team },
title = "{AWS Proof of Concept Project Report}",
year = 2020,
month = jan,
handle = {DMTN-137},
  publisher = {{Vera C. Rubin Observatory }},
url = {http://DMTN-137.lsst.io } }

@misc{Document-31100,
  author =       {J. Ross Thomson},
  title =        "{LSST Benchmarking of Qserv and BigQuery}",
  year =         2019,
  month =        jan,
  note = {{Vera C. Rubin Observatory}},
  handle =       {Document-31100},
url = {http://ls.st/Document-31100} }

@INPROCEEDINGS{2022SPIE12189E..11J,
       author = {{Jenness}, Tim and {Bosch}, James F. and {Salnikov}, Andrei and {Lust}, Nate B. and {Pease}, Nathan M. and {Gower}, Michelle and {Kowalik}, Mikolaj and {Dubois-Felsmann}, Gregory P. and {Mueller}, Fritz and {Schellart}, Pim},
        title = "{The Vera C. Rubin Observatory Data Butler and pipeline execution system}",
     keywords = {Astrophysics - Instrumentation and Methods for Astrophysics, Computer Science - Distributed, Parallel, and Cluster Computing},
    booktitle = {Software and Cyberinfrastructure for Astronomy VII},
         year = 2022,
       series = {Proc.\ SPIE},
       volume = {12189},
        month = aug,
          eid = {1218911},
        pages = {1218911},
          doi = {10.1117/12.2629569},
archivePrefix = {arXiv},
       eprint = {arXiv:2206.14941},
 primaryClass = {astro-ph.IM},
       adsurl = {https://ui.adsabs.harvard.edu/abs/2022SPIE12189E..11J},
      adsnote = {Provided by the SAO/NASA Astrophysics Data System}
}

@ARTICLE{1999BaltA...8...57O,
  author =       {{O'Mullane}, W. and {Lindegren}, L.},
  title =        "{An Object-Oriented Framework for GAIA Data
                  Processing}",
  journal =      {Baltic Astronomy},
  year =         1999,
  volume =       8,
  pages =        {57-72},
  adsurl =       {http://adsabs.harvard.edu/abs/1999BaltA...8...57O},
  adsnote =      {Provided by the Smithsonian/NASA Astrophysics Data
                  System}
}

@INPROCEEDINGS{2015ASPC..495...47H,
       author = {{Hernandez}, J. and {Hutton}, A.},
        title = "{Data Management Challenges in Gaia}",
    booktitle = {ADASS XXIV},
         year = 2015,
       editor = {{Taylor}, A.~R. and {Rosolowsky}, E.},
       series = {ASP Conf.\ Ser.},
       volume = {495},
        month = sep,
        pages = {47},
       adsurl = {https://ui.adsabs.harvard.edu/abs/2015ASPC..495...47H},
      adsnote = {Provided by the SAO/NASA Astrophysics Data System}
}

@inproceedings{2021arXiv211115030O,
       author = {{O'Mullane}, William and {Economou}, Frossie and {Huang}, Flora and {Speck}, Dan and {Chiang}, Hsin-Fang and {Graham}, Melissa L. and {Allbery}, Russ and {Banek}, Christine and {Sick}, Jonathan and {Thornton}, Adam J. and {Masciarelli}, Jess and {Lim}, Kian-Tat and {Mueller}, Fritz and {Padolski}, Sergey and {Jenness}, Tim and {Krughoff}, K. Simon and {Gower}, Michelle and {Guy}, Leanne P. and {Dubois-Felsmann}, Gregory P.},
        title = "{Rubin Science Platform on Google: the story so far}",
        series = "ASP Conf.\ Ser.",
      booktitle = {ADASS XXI},
     keywords = {Astrophysics - Instrumentation and Methods for Astrophysics},
         year = 2021,
        month = nov,
          eid = {arXiv:2111.15030},
        pages = {in press},
archivePrefix = {arXiv},
       eprint = {arXiv:2111.15030},
 primaryClass = {astro-ph.IM},
       adsurl = {https://ui.adsabs.harvard.edu/abs/2021arXiv211115030O},
      adsnote = {Provided by the SAO/NASA Astrophysics Data System}
}


@inproceedings{C15_adassxxxii,
      title = "Qserv: A distributed petascale database for the LSST catalogs",
 author     = "Mueller, Fritz and others",
 booktitle  = "ADASS XXXII",
       year = 2023,
     editor = {{Gaudet}, S. and {Gwyn}, S. and {Dowler}, P. and {Bohlender}, D. and {Hincks}, A.},
     volume = "TBD",
     series = "ASP Conf.\ Ser.",
      pages = "TBD",
  publisher = "ASP",
    address ="San Francisco",
}

@inproceedings{C24_adassxxxii,
      title = "Data management and execution systems for the Rubin Observatory Science Pipelines",
 author     = "Lust, Nate and others",
 booktitle  = "ADASS XXXII",
       year = 2023,
     editor = {{Gaudet}, S. and {Gwyn}, S. and {Dowler}, P. and {Bohlender}, D. and {Hincks}, A.},
     volume = "TBD",
     series = "ASP Conf.\ Ser.",
      pages = "TBD",
  publisher = "ASP",
    address ="San Francisco",
}

@inproceedings{P52_adassxxxii,
      title = "Adding Workflow Management Flexibility to LSST Pipelines Execution",
 author     = "Gower, Michelle and others",
 booktitle  = "ADASS XXXII",
       year = 2023,
     editor = {{Gaudet}, S. and {Gwyn}, S. and {Dowler}, P. and {Bohlender}, D. and {Hincks}, A.},
     volume = "TBD",
     series = "ASP Conf.\ Ser.",
      pages = "TBD",
  publisher = "ASP",
    address ="San Francisco",
}

@inproceedings{I08_adassxxxii,
      title = "Software Architecture and System Design of Rubin Observatory",
 author     = "O'Mullane, William and others",
 booktitle  = "ADASS XXXII",
       year = 2023,
     editor = {{Gaudet}, S. and {Gwyn}, S. and {Dowler}, P. and {Bohlender}, D. and {Hincks}, A.},
     volume = "TBD",
     series = "ASP Conf.\ Ser.",
      pages = "TBD",
  publisher = "ASP",
    address ="San Francisco",
}

@INPROCEEDINGS{2017ASPC..512...33O,
       author = {{O'Mullane}, W. and {Morris}, D. and {Hoar}, J.},
        title = "{Bringing the Computing to the Data}",
    booktitle = {ADASS XXV},
         year = 2017,
       editor = {{Lorente}, N.~P.~F. and {Shortridge}, K. and {Wayth}, R.},
       series = {ASP Conf.\ Ser.},
       volume = {512},
        month = dec,
        pages = {33},
       adsurl = {https://ui.adsabs.harvard.edu/abs/2017ASPC..512...33O},
      adsnote = {Provided by the SAO/NASA Astrophysics Data System}
}

@ARTICLE{2007arXiv0712.0249O,
  author =       {{O'Mullane}, W. and {Hoar}, J. and {Lammers}, U.},
  title =        "{ECSS in the eXtreme}",
  journal =      {ArXiv e-prints},
  eprint =       {0712.0249},
  year =         2007,
  month =        dec,
  volume =       712,
  adsurl =       {http://adsabs.harvard.edu/abs/2007arXiv0712.0249O},
  adsnote =      {Provided by the SAO/NASA Astrophysics Data System}
}

@INPROCEEDINGS{2014SPIE.9150E..1EG,
  author =       {{Gill}, R. and {Gracia}, G. and {Lupton}, R.~H. and
                  {O'Mullane}, W.  },
  title =        "{Novel technique for tracking manpower and work
                  packages: a useful tool for the team and
                  management}",
  booktitle =    {Modeling, Systems Engineering, and Project
                  Management for Astronomy VI},
  year =         2014,
  series =       {Proc.\ SPIE},
  volume =       9150,
  month =        aug,
  eid =          {91501E},
  pages =        {91501E},
  doi =          {10.1117/12.2054745},
  adsurl =       {http://adsabs.harvard.edu/abs/2014SPIE.9150E..1EG},
  adsnote =      {Provided by the SAO/NASA Astrophysics Data System}
}

@INPROCEEDINGS{2005ESASP.576...67D,
  author =       {{de Bruijne}, J.~H.~J. and {Lammers}, U. and
                  {Perryman}, M.~A.~C.  },
  title =        "{The Gaia Parameter Database}",
  keywords =     {Gaia, Reference Values, Database},
  booktitle =    {The Three-Dimensional Universe with Gaia},
  year =         2005,
  series =       {ESA Special Publication},
  volume =       576,
  editor =       "{C.~Turon, K.~S.~O'Flaherty, \& M.~A.~C.~Perryman}",
  month =        jan,
  pages =        {67-+},
  adsurl =       {http://adsabs.harvard.edu/abs/2005ESASP.576...67D},
  adsnote =      {Provided by the SAO/NASA Astrophysics Data System}
}


@INPROCEEDINGS{2016SPIE.9911E..0NK,
       author = {{Kantor}, Jeffrey and {Long}, Kevin and {Becla}, Jacek and {Economou}, Frossie and {Gelman}, Margaret and {Juric}, Mario and {Lambert}, Ron and {Krughoff}, Simon and {Swinbank}, John D. and {Wu}, Xiuqin},
        title = "{Agile software development in an earned value world: a survival guide}",
    booktitle = {Modeling, Systems Engineering, and Project Management for Astronomy VI},
         year = 2016,
       editor = {{Angeli}, George Z. and {Dierickx}, Philippe},
       series = {Proc.\ SPIE},
       volume = {9911},
        month = aug,
          eid = {99110N},
        pages = {99110N},
          doi = {10.1117/12.2233380},
       adsurl = {https://ui.adsabs.harvard.edu/abs/2016SPIE.9911E..0NK},
      adsnote = {Provided by the SAO/NASA Astrophysics Data System}
}


@TechReport{OMULLANE2005,
institution = {University of Barcelona},
note = {Treball GAIA-C1-ESAC-HA-WOM-003},
author = {{O'Mullane}, William},
 title = "{Large Scientific Data Systems: analysis of some existing projects and their applicability to Gaia}",
  year = 2005,
 month = sep,
url = {https://dms.cosmos.esa.int/COSMOS/doc_fetch.php?id=497678},
}


@INPROCEEDINGS{2019ASPC..523..445S,
       author = {{Salgado}, Jesus and {Gonz{\'a}lez-Nu{\~n}ez} and others},
        title = "{Gaia DR2 and the Virtual Observatory: VO in Operations New Era}",
    booktitle = {ADASS XXVII},
         year = 2019,
       editor = {{Teuben}, Peter J. and {Pound}, Marc W. and {Thomas}, Brian A. and {Warner}, Elizabeth M.},
       series = {ASP Conf.\ Ser.},
       volume = {523},
        month = oct,
        pages = {445},
       adsurl = {https://ui.adsabs.harvard.edu/abs/2019ASPC..523..445S},
      adsnote = {Provided by the SAO/NASA Astrophysics Data System}
}

@INPROCEEDINGS{2015scop.confE...8G,
       author = {{Gonzalez-Nunez}, J.},
        title = "{The Gaia Archive at ESAC: a VO-inside archive}",
     keywords = {Science data management, Zenodo community sciops2015},
    booktitle = {Science Operations 2015: Science Data Management},
         year = 2015,
        month = dec,
          eid = {8},
        pages = {8},
          doi = {10.5281/zenodo.34569},
       adsurl = {https://ui.adsabs.harvard.edu/abs/2015scop.confE...8G},
      adsnote = {Provided by the SAO/NASA Astrophysics Data System}
}

@INPROCEEDINGS{2005ASPC..347..684T,
       author = {{Thakar}, A.~R. and {Szalay}, A.~S. and {O'Mullane}, W. and {Budav{\'a}ri}, T. and {Nieto-Santisteban}, M.~A. and {Fekete}, G. and {Li}, N. and {Carliles}, S. and {Gray}, J. and {Lupton}, R.},
        title = "{New Features for VO-Enabled Data Intensive Science with the SDSS Data Release 3}",
    booktitle = {ADASS XIV},
         year = 2005,
       editor = {{Shopbell}, P. and {Britton}, M. and {Ebert}, R.},
       series = {ASP Conf.\ Ser.},
       volume = {347},
        month = dec,
        pages = {684},
       adsurl = {https://ui.adsabs.harvard.edu/abs/2005ASPC..347..684T},
      adsnote = {Provided by the SAO/NASA Astrophysics Data System}
}

@INPROCEEDINGS{2018SPIE10707E..09J,
author = {Tim Jenness and others},
title = "{LSST data management software development practices and tools}",
booktitle = {Software and Cyberinfrastructure for Astronomy V},
year = 2018,
series = {Proc.\ SPIE},
volume = 10707,
month = jul,
eid = {1070709},
pages = {1070709},
doi = {10.1117/12.2312157},
adsurl = {http://adsabs.harvard.edu/abs/2018SPIE10707E..09J},
adsnote = {Provided by the SAO/NASA Astrophysics Data System}
}

@INPROCEEDINGS{2011ASPC..442..351O,
  author =       {{O'Mullane}, W. and {Lammers}, U. and {Hernandez},
                  J.},
  title =        "{Gaia: Processing to Archive}",
  booktitle =    {ADASS XX},
  year =         2011,
  series =       {ASP Conf.\ Ser.},
  volume =       442,
  editor =       "{I.~N.~Evans, A.~Accomazzi, D.~J.~Mink, \&
                  A.~H.~Rots}",
  month =        jul,
  pages =        351,
  adsurl =       {http://adsabs.harvard.edu/abs/2011ASPC..442..351O},
  adsnote =      {Provided by the SAO/NASA Astrophysics Data System}
}

@INPROCEEDINGS{2019ASPC..523..653J,
author = {{Jenness}, Tim and others},
title = "{Abstracting the Storage and Retrieval of Image Data at the LSST}",
keywords = {Astrophysics - Instrumentation and Methods for Astrophysics},
booktitle = {ADASS XXVII},
year = 2019,
editor = {{Teuben}, Peter J. and {Pound}, Marc W. and {Thomas}, Brian A. and {Warner}, Elizabeth M.},
series = {ASP Conf.\ Ser.},
volume = {523},
month = oct,
pages = {653},
archivePrefix = {arXiv},
eprint = {arXiv:1812.08085},
primaryClass = {astro-ph.IM},
adsurl = {https://ui.adsabs.harvard.edu/abs/2019ASPC..523..653J},
adsnote = {Provided by the SAO/NASA Astrophysics Data System}
}

@INPROCEEDINGS{2020SPIE11452E..0UI,
       author = {{Ingraham}, Patrick and others},
        title = "{Vera C. Rubin Observatory auxiliary telescope commissioning as a control system pathfinder}",
    booktitle = {Software and Cyberinfrastructure for Astronomy VI},
         year = 2020,
       series = {Proc.\ SPIE},
       volume = {11452},
        month = dec,
          eid = {114520U},
        pages = {114520U},
          doi = {10.1117/12.2561112},
       adsurl = {https://ui.adsabs.harvard.edu/abs/2020SPIE11452E..0UI},
      adsnote = {Provided by the SAO/NASA Astrophysics Data System}
}

@ARTICLE{2018PASJ...70S...5B,
   author = {{Bosch}, J. and others},
    title = "{The Hyper Suprime-Cam software pipeline}",
  journal = {\pasj},
archivePrefix = "arXiv",
   eprint = {arXiv:1705.06766},
 primaryClass = "astro-ph.IM",
 keywords = {methods: data analysis, surveys, techniques: image processing},
     year = 2018,
    month = jan,
   volume = 70,
      eid = {S5},
    pages = {S5},
      doi = {10.1093/pasj/psx080},
   adsurl = {http://adsabs.harvard.edu/abs/2018PASJ...70S...5B},
  adsnote = {Provided by the SAO/NASA Astrophysics Data System}
}

@ARTICLE{2011ExA....31..215O,
  author =       {{O'Mullane}, W. and {Lammers}, U. and {Lindegren},
                  L. and {Hernandez}, J. and {Hobbs}, D.},
  title =        "{Implementing the Gaia Astrometric Global Iterative
                  Solution (AGIS) in Java}",
  journal =      {Experimental Astronomy},
  archivePrefix ="arXiv",
  eprint =       {arXiv:1108.2206},
  primaryClass = "astro-ph.IM",
  keywords =     {Astrometry, Satellite, Algorithms, Implementation,
                  Data management},
  year =         2011,
  month =        oct,
  volume =       31,
  pages =        {215-241},
  doi =          {10.1007/s10686-011-9248-z},
  adsurl =       {http://adsabs.harvard.edu/abs/2011ExA....31..215O},
  adsnote =      {Provided by the SAO/NASA Astrophysics Data System}
}
